@misc{brain ,
author = {Spinalcord.com Team},
title = {Grey Matter vs White Matter in the Brain},
howpublished = {June 07, 2020. Accessed on: Feb. 14, 2022. [Online]. Available: \url{https://www.spinalcord.com/blog/gray-matter-vs-white-matter-in-the-brain}}
}

@misc{lab ,
author = {Tim Mouw},
title = {LAB Color Values / Color Spaces},
howpublished = {Oct. 08, 2018. Accessed on: Feb. 14, 2022. [Online]. Available: \url{https://www.xrite.com/blog/lab-color-space}}
}

@misc{histo,
author = {Kyaw Saw Htoon},
title = {A Tutorial to Histogram Equalization},
howpublished = {Aug. 19, 2020. Accessed on: Feb. 20, 2022. [Online]. Available: \url{https://medium.com/@kyawsawhtoon/a-tutorial-to-histogram-equalization-497600f270e2}}
}

@misc{grabcut,
author = {Adrian Rosebrock},
title = {OpenCV GrabCut: Foreground Segmentation and Extraction},
howpublished = {July 27, 2020. Accessed on: Feb. 27, 2022. [Online]. Available: \url{https://pyimagesearch.com/2020/07/27/opencv-grabcut-foreground-segmentation-and-extraction/}}
}

@misc{bl ,
author = {meghal darji},
title = {Implementing Bilinear Interpolation for Image Resizing},
howpublished = {Feb. 24, 2021. Accessed on: Feb. 28, 2022. [Online]. Available: \url{https://meghal-darji.medium.com/implementing-bilinear-interpolation-for-image-resizing-357cbb2c2722}}
}