@misc{RANSACHomography ,
author = {Rong Zhang},
title = {Automatic Computation of a Homography by RANSAC Algorithm},
howpublished = {Accessed on: April. 19, 2022. [Online]. Available: \url{https://engineering.purdue.edu/kak/courses-i-teach/ECE661.08/solution/hw4_s1.pdf}}
}